<record><leader>00000cas a2200000 a 4500</leader><controlfield tag="001">24839367</controlfield><controlfield tag="008">911122d18761903iluwr ne      0   a0eng c</controlfield><datafield ind1=" " ind2=" " tag="010"><subfield code="a">sn 91055872 </subfield></datafield><datafield ind1=" " ind2=" " tag="040"><subfield code="a">NVF</subfield><subfield code="b">eng</subfield><subfield code="c">NVF</subfield><subfield code="d">NVF</subfield><subfield code="d">OCLCQ</subfield><subfield code="d">OCLCF</subfield><subfield code="d">NVF</subfield><subfield code="d">OCLCO</subfield></datafield><datafield ind1="1" ind2=" " tag="029"><subfield code="a">AU@</subfield><subfield code="b">000020750758</subfield></datafield><datafield ind1=" " ind2=" " tag="042"><subfield code="a">pcc</subfield></datafield><datafield ind1=" " ind2=" " tag="043"><subfield code="a">n-us-il</subfield></datafield><datafield ind1="0" ind2=" " tag="130"><subfield code="a">Danville weekly news (Danville, Ill.)</subfield></datafield><datafield ind1="1" ind2="4" tag="245"><subfield code="a">The Danville weekly news.</subfield></datafield><datafield ind1=" " ind2=" " tag="260"><subfield code="a">Danville, Ill. :</subfield><subfield code="b">Illinois Print. Co.,</subfield><subfield code="c">1876-1903.</subfield></datafield><datafield ind1=" " ind2=" " tag="300"><subfield code="a">v.</subfield></datafield><datafield ind1=" " ind2=" " tag="310"><subfield code="a">Weekly</subfield></datafield><datafield ind1="0" ind2=" " tag="362"><subfield code="a">Vol. 5, no. 6 (Nov. 22, 1876)-30th year, no. 10 (May 28, 1903).</subfield></datafield><datafield ind1=" " ind2=" " tag="515"><subfield code="a">Continues the numbering of Danville news (Danville, Ill. : 1874).</subfield></datafield><datafield ind1=" " ind2=" " tag="580"><subfield code="a">Daily eds.: Danville daily news (Danville, Ill. : 1876), 1876-1902, and: Danville news (Danville, Ill. : 1902), 1902-1903, and: Danville daily news (Danville, Ill. : 1903), 1903.</subfield></datafield><datafield ind1=" " ind2="0" tag="651"><subfield code="a">Danville (Ill.)</subfield><subfield code="v">Newspapers.</subfield></datafield><datafield ind1=" " ind2="7" tag="651"><subfield code="a">Illinois</subfield><subfield code="z">Danville.</subfield><subfield code="2">fast</subfield><subfield code="0">(OCoLC)fst01217333</subfield></datafield><datafield ind1=" " ind2="7" tag="655"><subfield code="a">Newspapers.</subfield><subfield code="2">fast</subfield><subfield code="0">(OCoLC)fst01423814</subfield></datafield><datafield ind1=" " ind2=" " tag="752"><subfield code="a">United States</subfield><subfield code="b">Illinois</subfield><subfield code="c">Vermilion</subfield><subfield code="d">Danville.</subfield></datafield><datafield ind1="1" ind2=" " tag="775"><subfield code="t">Danville daily news (Danville, Ill. : 1876)</subfield><subfield code="w">(DLC)sn 87056732</subfield><subfield code="w">(OCoLC)17165229</subfield></datafield><datafield ind1="1" ind2=" " tag="775"><subfield code="t">Danville news (Danville, Ill. : 1902)</subfield><subfield code="w">(DLC)sn 91055875</subfield><subfield code="w">(OCoLC)24839718</subfield></datafield><datafield ind1="1" ind2=" " tag="775"><subfield code="t">Danville daily news (Danville, Ill. : 1903)</subfield><subfield code="w">(DLC)sn 91055876</subfield><subfield code="w">(OCoLC)24839796</subfield></datafield><datafield ind1="0" ind2="0" tag="780"><subfield code="t">Danville news (Danville, Ill. : 1874)</subfield><subfield code="w">(DLC)sn 91055871</subfield><subfield code="w">(OCoLC)24837114</subfield></datafield></record>